@article{Cao2020,
	author = {Chang Cao, Davide Chicco, Michael M. Hoffman},
	date-added = {2024-09-25 21:54:43 -0700},
	date-modified = {2024-09-25 21:56:30 -0700},
	journal = {arXiv},
	number = {2006.11278},
	title = {The MCC-F1 curve: a performance evaluation technique for binary classification},
	volume = {stat.ML},
	year = {2020}}
